<record><leader>00000cas a2200000 a 4500</leader><controlfield tag="001">49728762</controlfield><controlfield tag="008">020506c20019999couwr n       0   a0eng c</controlfield><datafield ind1=" " ind2=" " tag="010"><subfield code="a">  2004213863</subfield></datafield><datafield ind1=" " ind2=" " tag="040"><subfield code="a">COW</subfield><subfield code="b">eng</subfield><subfield code="c">COW</subfield><subfield code="d">OCLCQ</subfield><subfield code="d">NSD</subfield><subfield code="d">OCLCQ</subfield><subfield code="d">OCLCF</subfield><subfield code="d">OCLCO</subfield></datafield><datafield ind1=" " ind2=" " tag="012"><subfield code="m">y</subfield></datafield><datafield ind1="1" ind2=" " tag="022"><subfield code="a">1548-7377</subfield><subfield code="l">1548-7377</subfield><subfield code="y">0899-5761</subfield><subfield code="2">1</subfield></datafield><datafield ind1="1" ind2=" " tag="029"><subfield code="a">AU@</subfield><subfield code="b">000025321379</subfield></datafield><datafield ind1=" " ind2=" " tag="032"><subfield code="a">137740</subfield><subfield code="b">USPS</subfield></datafield><datafield ind1=" " ind2=" " tag="042"><subfield code="a">nsdp</subfield><subfield code="a">pcc</subfield></datafield><datafield ind1=" " ind2=" " tag="043"><subfield code="a">n-us-co</subfield></datafield><datafield ind1="1" ind2="0" tag="050"><subfield code="a">ISSN RECORD</subfield></datafield><datafield ind1=" " ind2="4" tag="222"><subfield code="a">The Crested Butte news</subfield></datafield><datafield ind1="0" ind2="4" tag="245"><subfield code="a">The Crested Butte news :</subfield><subfield code="b">the official newspaper of Crested Butte and Mt. Crested Butte.</subfield></datafield><datafield ind1=" " ind2=" " tag="260"><subfield code="a">Crested Butte, Colo. :</subfield><subfield code="b">Crested Butte News,</subfield><subfield code="c">2001-</subfield></datafield><datafield ind1=" " ind2=" " tag="300"><subfield code="a">v.</subfield></datafield><datafield ind1=" " ind2=" " tag="310"><subfield code="a">Weekly</subfield></datafield><datafield ind1="0" ind2=" " tag="362"><subfield code="a">Vol. 42, no. 16 (Apr. 20, 2001)-</subfield></datafield><datafield ind1=" " ind2=" " tag="500"><subfield code="a">At head of title: Chronicle &amp; pilot.</subfield></datafield><datafield ind1=" " ind2=" " tag="588"><subfield code="a">Latest issue consulted: Vol. 45, no. 6 (Feb. 6, 2004) (surrogate).</subfield></datafield><datafield ind1=" " ind2="0" tag="651"><subfield code="a">Crested Butte (Colo.)</subfield><subfield code="v">Periodicals.</subfield></datafield><datafield ind1=" " ind2="7" tag="655"><subfield code="a">Periodicals.</subfield><subfield code="2">fast</subfield><subfield code="0">(OCoLC)fst01411641</subfield></datafield><datafield ind1=" " ind2="7" tag="651"><subfield code="a">Colorado</subfield><subfield code="z">Crested Butte.</subfield><subfield code="2">fast</subfield><subfield code="0">(OCoLC)fst01223761</subfield></datafield><datafield ind1=" " ind2=" " tag="752"><subfield code="a">United States</subfield><subfield code="b">Colorado</subfield><subfield code="c">Gunnison</subfield><subfield code="d">Crested Butte.</subfield></datafield><datafield ind1="0" ind2="0" tag="780"><subfield code="t">Crested Butte chronicle &amp; pilot</subfield><subfield code="x">0899-5761</subfield><subfield code="w">(OCoLC)14339654</subfield></datafield></record>